

%

@Manual{iso12207:95,
 title    = {ISO/IEC 12207:1995 - Information technology - Software life cycle processes},
 author   = {ISO},
 month    = Jul,
 year     = {1995},
 note     = {ISO/IEC 12207:1995}
}

@Manual{iso12207:2008,
 title    = {ISO/IEC 12207:2008 - Systems and software engineering - Software life cycle processes},
 author   = {ISO},
 month    = feb,
 year     = {2008},
 note     = {ISO/IEC 12207:2008}
}

@Misc{ambysoft:09,
 author   = {Ambysoft},
 title    = {The Agile System Development Life Cycle (SDLC)},
 note     = {Último acesso em 03/11/2017},
 month = feb,
 year = 2009,
 howpublished= {\url{http://www.ambysoft.com/essays/agileLifecycle.html}},
}

@Misc{scrumwiki:17,
 author   = {Wikipedia},
 title    = {Scrum (software development)},
 note     = {Último acesso em 12/11/2017},
 month = jul,
 year = 2017,
 howpublished= {\url{https://en.m.wikipedia.org/wiki/Scrum_(software_development)}},
}

@Misc{engsoftiki:17,
 author   = {Wikipedia},
 title    = {Engenharia de software},
 note     = {Último acesso em 12/11/2017},
 month = jul,
 year = 2017,
 howpublished= {\url{https://pt.wikipedia.org/wiki/Engenharia_de_software}},
}



@techreport{beck2001agile,
    author = {Beck, K. and Beedle, M. and van Bennekum, A. and Cockburn, A. and Cunningham, W. and Fowler, M. and Grenning, J. and Highsmith, J. and Hunt, A. and Jeffries, R. and Kern, Jon and Marick, Brian and Martin, Robert C. and Mallor, Steve and Shwaber, Ken and Sutherland, Jeff},
    citeulike-article-id = {7955278},
    institution = {The Agile Alliance},
    keywords = {657},
    posted-at = {2010-10-07 14:26:21},
    priority = {2},
    title = {{The Agile Manifesto}},
    year = {2001}
}

@book{BecAnd04extreme,
  address = {Boston},
  author = {Beck, Kent and Andres, Cynthia},
  interhash = {a9b68fa00c6e5da6bdc8dd7e848aa2e5},
  intrahash = {5a0de786b7be8a2452c7d596172209ee},
  isbn = {0321278658},
  publisher = {Addison-Wesley Professional},
  title = {Extreme Programming Explained: Embrace Change (2nd Edition)},
  url = {http://portal.acm.org/citation.cfm?id=1076267},
  year = 2004
}


@book{SWEBOK2004,
  
  editor = {Pierre Bourque and Robert Dupuis},
  
  keywords = {ieee book software engineering guide},
  publisher = {IEEE Computer Society},
  
  title = {{SWEBOK}: Guide to the Software Engineering Body of Knowledge},
  url = {http://www.swebok.org/},
  
  year = 2004
}

@misc{Schw01a,
    author = {Schwaber, Ken and Sutherland, Jeff},
    keywords = {agile},
    title = {The {Scrum} Guide},
    year = {2016},
    month = jul

}








